<TALLYMESSAGE xmlns:UDF="TallyUDF">
	<VOUCHER>
		<DATE>20040701</DATE>
		<VOUCHERTYPENAME>Payment</VOUCHERTYPENAME>
		<ALLLEDGERENTRIES.LIST>
			<LEDGERNAME>Salary</LEDGERNAME>
			<AMOUNT>-10000.00</AMOUNT>
		</ALLLEDGERENTRIES.LIST>
		<ALLLEDGERENTRIES.LIST>
			<LEDGERNAME>Cash</LEDGERNAME>
			<AMOUNT>10000.00</AMOUNT>
		</ALLLEDGERENTRIES.LIST>
	</VOUCHER>
</TALLYMESSAGE>